<?xml version="1.0" encoding="UTF-8"?><record xmlns="http://www.loc.gov/MARC21/slim" xmlns:cinclude="http://apache.org/cocoon/include/1.0" xmlns:zs="http://www.loc.gov/zing/srw/">
  <leader>00480nz  a2200133n  4500</leader>
  <controlfield tag="001">n 2002112688</controlfield>
  <controlfield tag="003">DLC</controlfield>
  <controlfield tag="005">20021118174055.0</controlfield>
  <controlfield tag="008">021118n| acannaabn          |a aaa      </controlfield>
  <datafield tag="010" ind1=" " ind2=" ">
    <subfield code="a">n 2002112688</subfield>
  </datafield>
  <datafield tag="040" ind1=" " ind2=" ">
    <subfield code="a">DLC</subfield>
    <subfield code="b">eng</subfield>
    <subfield code="c">DLC</subfield>
  </datafield>
  <datafield tag="100" ind1="1" ind2=" ">
    <subfield code="a">Dobroli︠u︡bov, Slavik,</subfield>
    <subfield code="d">1924-</subfield>
  </datafield>
  <datafield tag="400" ind1="1" ind2=" ">
    <subfield code="a">Dobroli︠u︡bov, Viacheslav,</subfield>
    <subfield code="d">1924-</subfield>
  </datafield>
  <datafield tag="670" ind1=" " ind2=" ">
    <subfield code="a">Drachev, I︠A︡kov. Zolotai︠a︡ i︠u︡nostʹ Gospodu, 2001:</subfield>
    <subfield code="b">p. 5 (Dobroi︠u︡bovy; Viacheslavom; b. 1924) p. [61] (Dobroli︠u︡bov; Slavik)</subfield>
  </datafield>
</record>